<record xmlns="http://www.loc.gov/MARC21/slim" xmlns:xsi="http://www.w3.org/2001/XMLSchema-instance" xsi:schemaLocation="http://www.loc.gov/MARC21/slim http://www.loc.gov/standards/marcxml/schema/MARC21slim.xsd"><leader>     nam a22        4500</leader><controlfield tag="001">3068246</controlfield><controlfield tag="003">NNC</controlfield><controlfield tag="006">m        d        </controlfield><controlfield tag="007">cr cn |||m|||a</controlfield><controlfield tag="008">150601s1961    iq      o     000 0 arard</controlfield><datafield ind1=" " ind2=" " tag="040"><subfield code="a">NNU</subfield><subfield code="b">eng</subfield><subfield code="e">rda</subfield><subfield code="c">NNU</subfield></datafield><datafield ind1=" " ind2="4" tag="050"><subfield code="a">HQ769</subfield><subfield code="b">.U65 1961</subfield></datafield><datafield ind1="2" ind2=" " tag="110"><subfield code="6">880-01</subfield><subfield code="a">University of Toronto.</subfield><subfield code="b">Institute of Child Study.</subfield></datafield><datafield ind1="1" ind2="0" tag="245"><subfield code="6">880-02</subfield><subfield code="a">Fus&#803;u&#772;l mulakhkhas&#803;ah fi&#772; usus tahdhi&#772;b al-t&#803;ifl /</subfield><subfield code="c">min wad&#803;&#699; Haya&#803;t Ma&#699;had Dira&#772;sa&#772;t al-T&#803;ifl bi-Ja&#772;mi&#699;at Tu&#772;runtu&#772;, Kanada&#772; ; naqalaha&#772; lil-&#699;Arabi&#772;yah bi-tas&#803;arruf D&#803;iya&#772;&#700; al-Di&#772;n Abu&#772; al-H&#803;ubb.</subfield></datafield><datafield ind1=" " ind2="1" tag="264"><subfield code="6">880-03</subfield><subfield code="a">Baghda&#772;d :</subfield><subfield code="b">Mat&#803;ba&#699;at al-Ma&#699;a&#772;rif,</subfield><subfield code="c">1961.</subfield></datafield><datafield ind1=" " ind2=" " tag="300"><subfield code="a">online resource (87 pages)</subfield></datafield><datafield ind1=" " ind2=" " tag="336"><subfield code="a">text</subfield><subfield code="2">rdacontent</subfield></datafield><datafield ind1=" " ind2=" " tag="337"><subfield code="a">computer</subfield><subfield code="2">rdamedia</subfield></datafield><datafield ind1=" " ind2=" " tag="338"><subfield code="a">online resource</subfield><subfield code="2">rdacarrier</subfield></datafield><datafield ind1="1" ind2=" " tag="490"><subfield code="6">880-04</subfield><subfield code="a">Silsilat Maktabat al-mu&#699;allim ;</subfield><subfield code="v">3</subfield></datafield><datafield ind1=" " ind2=" " tag="500"><subfield code="6">880-05</subfield><subfield code="a">Mulh&#803;aq Majallat al-muallim al-jadi&#772;d.</subfield></datafield><datafield ind1=" " ind2=" " tag="500"><subfield code="a">Part of the Arabic Collections Online (ACO) project, contributed by Columbia University Libraries.</subfield></datafield><datafield ind1=" " ind2=" " tag="533"><subfield code="a">Electronic reproduction.</subfield><subfield code="b">New York, N.Y. :</subfield><subfield code="c">New York University,</subfield><subfield code="d">2015.</subfield><subfield code="5">NNU</subfield></datafield><datafield ind1=" " ind2="0" tag="650"><subfield code="a">Parent and child.</subfield></datafield><datafield ind1=" " ind2="7" tag="650"><subfield code="a">Parent and child.</subfield><subfield code="2">fast</subfield><subfield code="0">(OCoLC)fst01053308</subfield></datafield><datafield ind1="1" ind2=" " tag="700"><subfield code="6">880-06</subfield><subfield code="a">Abu&#772; al-H&#803;ubb, D&#803;i&#772;ya&#772;&#700; al-Di&#772;n,</subfield><subfield code="e">translator.</subfield></datafield><datafield ind1="2" ind2=" " tag="710"><subfield code="a">Columbia University.</subfield><subfield code="b">Libraries.</subfield></datafield><datafield ind1="0" ind2=" " tag="730"><subfield code="a">Arabic Collections Online.</subfield></datafield><datafield ind1="0" ind2="2" tag="740"><subfield code="a">Outlines For Parent Educations Groups DISCIPLINE.</subfield></datafield><datafield ind1="0" ind2="2" tag="740"><subfield code="6">880-07</subfield><subfield code="a">Majallat al-mu&#699;allim al-jadi&#772;d.</subfield></datafield><datafield ind1="0" ind2="8" tag="776"><subfield code="i">Print version:</subfield><subfield code="a">University of Toronto. Institute of Child Study.</subfield><subfield code="t">Fus&#803;u&#772;l mulakhkhas&#803;ah fi&#772; usus tahdhi&#772;b al-t&#803;ifl</subfield><subfield code="w">(NNC)3068246</subfield><subfield code="w">(OCoLC)44198999</subfield></datafield><datafield ind1=" " ind2="0" tag="830"><subfield code="6">880-08</subfield><subfield code="a">Silsilat Maktabat al-mu&#699;allim ;</subfield><subfield code="v">3.</subfield></datafield><datafield ind1="4" ind2="0" tag="856"><subfield code="u">http://hdl.handle.net/2333.1/zgmsbfvd</subfield></datafield><datafield ind1="2" ind2=" " tag="880"><subfield code="6">110-01/r</subfield><subfield code="a">&#1580;&#1575;&#1605;&#1593;&#1577; &#1578;&#1608;&#1585;&#1608;&#1606;&#1578;&#1608;.</subfield><subfield code="b">&#1607;&#1610;&#1574;&#1577; &#1605;&#1593;&#1607;&#1583; &#1583;&#1585;&#1575;&#1587;&#1577; &#1575;&#1604;&#1591;&#1601;&#1604; </subfield></datafield><datafield ind1="1" ind2="0" tag="880"><subfield code="6">245-02/r</subfield><subfield code="a">&#1601;&#1589;&#1608;&#1604; &#1605;&#1604;&#1582;&#1589;&#1577; &#1601;&#1610; &#1575;&#1587;&#1587; &#1578;&#1607;&#1584;&#1610;&#1576; &#1575;&#1604;&#1591;&#1601;&#1604; /</subfield><subfield code="c">&#1605;&#1606; &#1608;&#1590;&#1593; &#1607;&#1610;&#1577; &#1605;&#1593;&#1607;&#1583; &#1583;&#1585;&#1575;&#1587;&#1575;&#1578; &#1575;&#1604;&#1591;&#1601;&#1604; &#1576;&#1580;&#1575;&#1605;&#1593;&#1577; &#1578;&#1608;&#1585;&#1606;&#1578;&#1608;&#1548; &#1603;&#1606;&#1583;&#1575; &#1563; &#1606;&#1602;&#1604;&#1607;&#1575; &#1604;&#1604;&#1593;&#1585;&#1576;&#1610;&#1577; &#1576;&#1578;&#1589;&#1585;&#1601; &#1590;&#1610;&#1575;&#1569; &#1575;&#1604;&#1583;&#1610;&#1606; &#1575;&#1576;&#1608; &#1575;&#1604;&#1581;&#1576;.</subfield></datafield><datafield ind1=" " ind2="1" tag="880"><subfield code="6">264-03/r</subfield><subfield code="a">&#1576;&#1594;&#1583;&#1575;&#1583; :</subfield><subfield code="b">&#1605;&#1591;&#1576;&#1593;&#1577; &#1575;&#1604;&#1605;&#1593;&#1575;&#1585;&#1601;&#1548;</subfield><subfield code="c">&#1633;&#1641;&#1638;&#1633;.</subfield></datafield><datafield ind1="1" ind2=" " tag="880"><subfield code="6">490-04/r</subfield><subfield code="a">&#1587;&#1604;&#1587;&#1604;&#1577; &#1605;&#1603;&#1578;&#1576;&#1577; &#1575;&#1604;&#1605;&#1593;&#1604;&#1605; &#1563;</subfield><subfield code="v">&#1635;</subfield></datafield><datafield ind1=" " ind2=" " tag="880"><subfield code="6">500-05/r</subfield><subfield code="a">&#1605;&#1604;&#1581;&#1602; &#1605;&#1580;&#1604;&#1577; &#1575;&#1604;&#1605;&#1604;&#1605; &#1575;&#1604;&#1580;&#1583;&#1610;&#1583;.</subfield></datafield><datafield ind1="1" ind2=" " tag="880"><subfield code="6">700-06/r</subfield><subfield code="a">&#1575;&#1576;&#1608; &#1575;&#1604;&#1581;&#1576;&#1548; &#1590;&#1610;&#1575;&#1569; &#1575;&#1604;&#1583;&#1610;&#1606;.</subfield></datafield><datafield ind1="0" ind2="2" tag="880"><subfield code="6">740-07/r</subfield><subfield code="a">&#1605;&#1580;&#1604;&#1577; &#1575;&#1604;&#1605;&#1593;&#1604;&#1605; &#1575;&#1604;&#1580;&#1583;&#1610;&#1583;.</subfield></datafield><datafield ind1=" " ind2="0" tag="880"><subfield code="6">830-08/r</subfield><subfield code="a">&#1587;&#1604;&#1587;&#1604;&#1577; &#1605;&#1603;&#1578;&#1576;&#1577; &#1575;&#1604;&#1605;&#1593;&#1604;&#1605; &#1563;</subfield><subfield code="v">&#1635;.</subfield></datafield><datafield ind1=" " ind2=" " tag="959"><subfield code="a">NNU</subfield><subfield code="b">WEB</subfield><subfield code="c">GENI</subfield><subfield code="t">0</subfield><subfield code="m">Electronic access</subfield><subfield code="s">01</subfield></datafield><datafield ind1=" " ind2=" " tag="999"><subfield code="i">NNC_3068246</subfield><subfield code="o">(OCoLC)ocm44198999</subfield><subfield code="s">columbia_aco000529</subfield><subfield code="e">(ERROR-880)</subfield><subfield code="s">columbia_aco000529</subfield></datafield></record>